@article{UMAC,
title ="UMAC: Fast and Secure Message Authentication",
booktitle="Proceedings of CRYPTO",
year=1999,
authors="J. Black and S. Halevi and H. Krawczyck and T. Krovetz and P. Rogaway"
}


